@online{Kopia-GitHub,
	author = "Kopia",
	year = "2025",
	title = {Kopia - GitHub},
	url = {https://github.com/kopia/kopia},
	note = "[Online; navštíveno 6. 4. 2025]"
}

@online{Kopia-Docs,
	author = "Kopia",
	year = "2025",
	title = {Kopia - Features},
	url = {https://kopia.io/docs/features/},
	note = "[Online; navštíveno 6. 4. 2025]"
}

@online{RPi-Power,
	author = {{Tom's Hardware}},
	year = "2025",
	title = {Raspberry Pi 5 Review: A New Standard For Makers},
	url = {https://www.tomshardware.com/reviews/raspberry-pi-5},
		note = "[Online; navštíveno 10. 4. 2025]"
}

@online{SMART,
	author = "ArchWiki",
	title = {S.M.A.R.T.},
	year = "2025",
	url = {https://wiki.archlinux.org/title/S.M.A.R.T.},
	note = "[Online; navštíveno 7. 4. 2025]"
}


@misc{ Latex-Wikipedia,
	author = "Wikipedie",
	title = "LaTeX --- Wikipedie: Otevřená encyklopedie",
	year = "2025",
	url = {https://cs.wikipedia.org/w/index.php?title=LaTeX&oldid=24450407},
	note = "[Online; navštíveno 8. 4. 2025]"
 }

@misc{ Vim-Wikipedia,
   author = "Wikipedie",
   title = "Vim --- Wikipedie: Otevřená encyklopedie",
   year = "2025",
   url = {https://cs.wikipedia.org/w/index.php?title=Vim&oldid=24681813},
   note = "[Online; navštíveno 8. 4. 2025]"
 }

